% Encoding: UTF-8

@Article{Ameen2013,
  author  = {Ameen, Radhwan Y and Hamo, Asmaa Y},
  title   = {Survey of server virtualization},
  journal = {arXiv preprint arXiv:1304.3557},
  year    = {2013},
}

@Article{Jeff2009,
  author    = {Daniels, Jeff},
  title     = {Server virtualization architecture and implementation},
  number    = {1},
  pages     = {8--12},
  volume    = {16},
  journal   = {XRDS: Crossroads, The ACM Magazine for Students},
  publisher = {ACM New York, NY, USA},
  year      = {2009},
}

@WWW{VanVleck2015,
  author  = {Van Vleck, Tom},
  date    = {2015-03-16},
  editor  = {Van Vleck, Tom},
  title   = {The IMB 7094 and CTSS},
  url     = {https://multicians.org/thvv/7094.html},
  urldate = {2021-04-17},
}

@WWW{Singh2004,
  author  = {Amit Singh},
  date    = {2004-01-01},
  editor  = {Amit Singh},
  title   = {An Introduction to Virtualization},
  url     = {https://webx.ubi.pt/~hgil/utils/Virtualization_Introduction.html},
  urldate = {2021-04-17},
}

@WWW{Oracle2012,
  author  = {Oracle},
  date    = {2012-01-01},
  editor  = {Oracle},
  title   = {Introduction to Virtualization},
  url     = {https://docs.oracle.com/cd/E26996_01/E18549/html/VMUSG1011.html},
  urldate = {2021-04-19},
}

@Article{Kedia2013,
  author    = {Kedia, Pooja and Nagpal, Renuka and Singh, Tejinder Pal},
  title     = {A survey on virtualization service providers, security issues, tools and future trends},
  number    = {24},
  volume    = {69},
  journal   = {International Journal of Computer Applications},
  publisher = {Citeseer},
  year      = {2013},
}

@Article{Thanh2015,
  author  = {Bui, Thanh},
  title   = {Analysis of docker security},
  journal = {arXiv preprint arXiv:1501.02967},
  year    = {2015},
}

@InProceedings{Ruiz2015,
  author       = {Ruiz, Cristian and Jeanvoine, Emmanuel and Nussbaum, Lucas},
  booktitle    = {European Conference on Parallel Processing},
  title        = {Performance evaluation of containers for HPC},
  organization = {Springer},
  pages        = {813--824},
  year         = {2015},
}

@WWW{Kubernetes2021,
  author  = {Kubernetes},
  date    = {2021-02-01},
  editor  = {Karen Bradshaw},
  title   = {What is Kubernetes?},
  url     = {https://kubernetes.io/docs/concepts/overview/what-is-kubernetes/},
  urldate = {2021-04-21},
}

@Thesis{Cedric2019,
  author      = {Detemmerman Cedric},
  institution = {HoGent},
  title       = {Kubernetes Educatieve Mogelijkheden En Opstellingen},
  year        = {2019},
}

@WWW{Burns2019,
  author  = {Brendan Burns, Joe Beda, Kelsey Hightower},
  date    = {2019-04-10},
  editor  = {O'Reilly},
  title   = {Kubernetes Up & Running - Dive into the Future of Infrastructure},
  url     = {https://books.google.be/books?hl=en&lr=&id=-5izDwAAQBAJ&oi=fnd&pg=PP1&dq=kubernetes&ots=IsB4lxkeeI&sig=RBWC7ndt9aEs0bUHZ1usfNSGgQw&redir_esc=y#v=onepage&q&f=false},
  urldate = {2021-04-27},
}

@Thesis{Rad2017,
  author      = {Babak Bashari Rad, Harrison John Bhatti, Mohammad Ahmadi},
  date        = {2017-03-01},
  institution = {Asia Pacific University of Technology and Innovation},
  title       = {An Introduction to Docker and Analysis of its Performance},
  type        = {techreport},
}

@Report{Rancher2020,
  author      = {Rancher},
  date        = {2020-01-01},
  institution = {Rancher},
  title       = {A guide to Kubernetes with Rancher},
  type        = {techreport},
}

@WWW{Journal2020,
  author  = {Container Journal},
  date    = {2020-12-29},
  editor  = {Pavan Belagatti},
  title   = {How Docker and Kubernetes Work Together},
  url     = {https://containerjournal.com/topics/container-ecosystems/how-docker-and-kubernetes-work-together/},
  urldate = {2021-04-27},
}

@WWW{TechTarget2020,
  author  = {TechTarget},
  date    = {2020-05-01},
  editor  = {Alexander Gilles},
  title   = {IT monitoring},
  url     = {https://searchitoperations.techtarget.com/definition/IT-monitoring},
  urldate = {2021-04-29},
}

@Book{Williams2016,
  author = {Alex Williams},
  date   = {2016-09-19},
  title  = {Monitoring & Management With Docker & Containers},
}

@WWW{Majors2016,
  author  = {Charity Majors},
  date    = {2016-04-10},
  editor  = {Charity Majors},
  title   = {Why Honeycomb? Black Swans, Unknown-Unknowns, and the Glorious Future of Doom},
  url     = {https://www.honeycomb.io/blog/why-honeycomb-black-swans-unknown-unknowns-and-the-glorious-future-of-doom/},
  urldate = {2021-05-01},
}

@WWW{AWS2021,
  author  = {AWS},
  date    = {2021-01-01},
  editor  = {AWS},
  title   = {Container Monitoring - Why, how, and what to look out for},
  url     = {https://aws.amazon.com/cloudwatch/container-monitoring/},
  urldate = {2021-05-07},
}

@WWW{Matrix2016,
  author  = {Matrix},
  date    = {2016-09-28},
  editor  = {Matrix},
  title   = {The Importance of Infrastructure Monitoring},
  url     = {https://matrix-ibs.com/2016/09/28/importance-infrastructure-monitoring/},
  urldate = {2021-05-07},
}

@WWW{Sissons2021,
  author  = {Gord Sissons},
  date    = {2021-01-26},
  editor  = {Gord Sissons},
  title   = {Comparing 10 Docker Container Monitoring Solutions for Rancher},
  url     = {https://rancher.com/comparing-10-container-monitoring-solutions-rancher/},
  urldate = {2021-05-08},
}

@WWW{Zabbix,
  author  = {Zabbix},
  editor  = {Zabbix},
  title   = {What is Zabbix},
  url     = {https://www.zabbix.com/documentation/4.0/manual/introduction/about},
  urldate = {2021-05-11},
}

@WWW{HoGent,
  author  = {HoGent},
  editor  = {HoGent},
  title   = {Op zoek naar een nieuwe laptop voor je opleiding?},
  url     = {https://www.hogent.be/student/een-vlotte-start/laptopaanbod/},
  urldate = {2021-05-13},
}

@WWW{SysdigB2020,
  author  = {Sysdig},
  date    = {2020-08-13},
  editor  = {Sysdig},
  title   = {Host Requirements for Agent Installation},
  url     = {https://docs.sysdig.com/en/system-requirements.html},
  urldate = {2021-05-13},
}

@WWW{SysdigA2020,
  author  = {Sysdig},
  date    = {2020-08-13},
  editor  = {Sysdig},
  title   = {Host Requirements for Agent Installation},
  url     = {https://docs.sysdig.com/en/host-requirements-for-agent-installation.html},
  urldate = {2021-05-13},
}

@WWW{oreilly,
  author  = {oreilly},
  editor  = {Joel, Bastos & Pedro, Araujo},
  title   = {Hands-On Infrastructure Monitoring with Prometheus by Joel Bastos, Pedro Araujo},
  url     = {https://www.oreilly.com/library/view/hands-on-infrastructure-monitoring/9781789612349/bc69aa2f-7482-421f-b070-9116ca39cae7.xhtml},
  urldate = {2021-05-13},
}

@WWW{Elastic,
  author  = {Elastic},
  editor  = {Elastic},
  title   = {Elasticsearch: The Definitive Guide},
  url     = {https://www.elastic.co/guide/en/elasticsearch/guide/current/hardware.html},
  urldate = {2021-05-13},
}

@WWW{Sensu,
  author  = {Sensu},
  editor  = {Sensu},
  title   = {Hardware requirements},
  url     = {https://docs.sensu.io/sensu-go/6.3/operations/deploy-sensu/hardware-requirements/#backend-minimum-requirements},
  urldate = {2021-05-13},
}

@WWW{ZabbixB,
  author  = {Zabbix},
  editor  = {Zabbix},
  title   = {Requirements},
  url     = {https://www.zabbix.com/documentation/current/manual/installation/requirements},
  urldate = {2021-05-13},
}

@WWW{Gilles2019,
  author = {Alexander Gilles},
  date   = {2019-01-01},
  editor = {Alexander Gilles},
  title  = {sidecar proxy},
  url    = {https://searchitoperations.techtarget.com/definition/sidecar-proxy},
}

@Comment{jabref-meta: databaseType:biblatex;}
