% Encoding: UTF-8

@Online{Watts2017,
  author = {Stephen Watts},
  date   = {2017-07-07},
  title  = {Docker Monitoring: How to Monitor Containers and Microservices},
  url    = {https://www.bmc.com/blogs/docker-monitoring-explained-monitor-containers-microservices/},
}

@Online{Cole2016,
  author = {Arthur Cole},
  date   = {2016-09-29},
  title  = {The Importance of Container Monitoring},
  url    = {https://www.stratoscale.com/blog/importance-container-monitoring/},
}

@Online{Ribenzaft2020,
  author = {Ran Ribenzaft},
  date   = {2020-03-09},
  title  = {Top Six Open Source Tools for Monitoring Kubernetes and Docker},
  url    = {https://devops.com/top-six-open-source-tools-for-monitoring-kubernetes-and-docker/},
}

@Online{Cirelly2020,
  author = {John Cirelly},
  date   = {2020-09-20},
  title  = {7 Best Docker Monitoring Tools},
  url    = {https://www.itprc.com/docker-monitoring-tools/},
}

@Book{Williams2016,
  author = {Alex Williams},
  date   = {2016-09-19},
  title  = {Monitoring & Management With Docker & Containers},
}

@Thesis{Cedric2019,
  author      = {Detemmerman Cedric},
  institution = {HoGent},
  title       = {Kubernetes Educatieve Mogelijkheden En Opstellingen},
  year        = {2019},
}

@Comment{jabref-meta: databaseType:biblatex;}
